<?xml version="1.0" encoding="UTF-8"?><record xmlns="http://www.loc.gov/MARC21/slim" xmlns:cinclude="http://apache.org/cocoon/include/1.0" xmlns:zs="http://www.loc.gov/zing/srw/">
  <leader>01075cz  a2200205n  4500</leader>
  <controlfield tag="001">n  88244624 </controlfield>
  <controlfield tag="003">DLC</controlfield>
  <controlfield tag="005">19890809085639.6</controlfield>
  <controlfield tag="008">890516n| acannaab|          |a ana |||  </controlfield>
  <datafield tag="010" ind1=" " ind2=" ">
    <subfield code="a">n  88244624 </subfield>
    <subfield code="z">nr 88007689 </subfield>
  </datafield>
  <datafield tag="040" ind1=" " ind2=" ">
    <subfield code="a">DLC</subfield>
    <subfield code="c">DLC</subfield>
    <subfield code="d">DLC</subfield>
  </datafield>
  <datafield tag="110" ind1="2" ind2="0">
    <subfield code="a">St. Reinoldikirche zu Dortmund (Dortmund, Germany)</subfield>
  </datafield>
  <datafield tag="410" ind1="2" ind2="0">
    <subfield code="a">Sankt Reinoldikirche zu Dortmund (Dortmund, Germany)</subfield>
  </datafield>
  <datafield tag="410" ind1="2" ind2="0">
    <subfield code="a">Reinoldigemeinde (Dortmund, Germany)</subfield>
  </datafield>
  <datafield tag="410" ind1="1" ind2="0">
    <subfield code="a">Dortmund (Germany).</subfield>
    <subfield code="b">St. Reinoldikirche zu Dortmund</subfield>
  </datafield>
  <datafield tag="410" ind1="2" ind2="0">
    <subfield code="a">Reinoldikirche (Dortmund, Germany)</subfield>
  </datafield>
  <datafield tag="410" ind1="2" ind2="0">
    <subfield code="a">Evangelische Kirche St. Reinoldi (Dortmund, Germany)</subfield>
  </datafield>
  <datafield tag="410" ind1="2" ind2="0">
    <subfield code="a">St. Reinoldi zu Dortmund (Dortmund, Germany)</subfield>
  </datafield>
  <datafield tag="670" ind1=" " ind2=" ">
    <subfield code="a">Stein, O. Lorbeerreiser auf HeldengraĚber der Reinoldigemeinde, 1916:</subfield>
    <subfield code="b">t.p. (Reinoldigemeinde) facing t.p. (photo of church with caption: St. Reinoldikirche zu Dortmund) p. 57 (St. Reinoldikirche zu Dortmund) p. 297 (Reinoldikirche)</subfield>
  </datafield>
  <datafield tag="670" ind1=" " ind2=" ">
    <subfield code="a">Rinke, W. Kunst der SpaĚtgotik in St. Reinoldi zu Dortmund, 1985:</subfield>
    <subfield code="b">t.p. (St. Reinoldi zu Dortmund) p. 2 of cover (Evangelische Kirche St. Reinoldi)</subfield>
  </datafield>
</record>